<?xml version="1.0" encoding="UTF-8"?><record xmlns="http://www.loc.gov/MARC21/slim" xmlns:cinclude="http://apache.org/cocoon/include/1.0" xmlns:zs="http://www.loc.gov/zing/srw/">
  <leader>00562cz  a2200133n  4500</leader>
  <controlfield tag="001">n  80106233 </controlfield>
  <controlfield tag="003">DLC</controlfield>
  <controlfield tag="005">20090204080643.0</controlfield>
  <controlfield tag="008">800827n| acannaabn          |n ana      </controlfield>
  <datafield tag="010" ind1=" " ind2=" ">
    <subfield code="a">n  80106233 </subfield>
  </datafield>
  <datafield tag="035" ind1=" " ind2=" ">
    <subfield code="a">(OCoLC)oca00487060</subfield>
  </datafield>
  <datafield tag="040" ind1=" " ind2=" ">
    <subfield code="a">DLC</subfield>
    <subfield code="b">eng</subfield>
    <subfield code="c">DLC</subfield>
    <subfield code="d">OCoLC</subfield>
  </datafield>
  <datafield tag="110" ind1="1" ind2=" ">
    <subfield code="a">Brazil.</subfield>
    <subfield code="b">ServicĚ§o Nacional de Aprendizagem Industrial.</subfield>
    <subfield code="b">Departamento Regional do Distrito Federal.</subfield>
    <subfield code="b">Assessoria de Planejamento</subfield>
  </datafield>
  <datafield tag="670" ind1=" " ind2=" ">
    <subfield code="a">Its DiagnoĚstico da ind. da constr. civil do Distrito Fed., 1976:</subfield>
    <subfield code="b">t.p. (SENAI, Departamento Regional do Distrito Federal; Assessoria de Planejamento)</subfield>
  </datafield>
</record>